@ARTICLE{bib:jbb, 
author={E. G. Larsson and H. V. Poor}, 
journal={IEEE Transactions on Wireless Communications}, 
title={Joint Beamforming and Broadcasting in Massive MIMO}, 
year={2016}, 
volume={15}, 
number={4}, 
pages={3058-3070}, 
keywords={MIMO communication;array signal processing;broadcast channels;broadcast communication;matrix algebra;radio networks;time-frequency analysis;JBB;base station;channel matrix nullspace;control information broadcasting;imperfect instantaneous CSI;imperfect instantaneous channel state information;joint beamforming and broadcasting;massive MIMO system downlink;public channel broadcasting;time-frequency resource;wireless network;Array signal processing;Arrays;Base stations;Broadcasting;Coherence;Downlink;MIMO;Broadcasting;beamforming;control signaling;massive MIMO;public channels}, 
doi={10.1109/TWC.2016.2515598}, 
ISSN={1536-1276}, 
month={April},},

@book{bib:MassiveMimoBook, 
place={Cambridge}, 
title={Fundamentals of Massive MIMO}, 
DOI={10.1017/CBO9781316799895}, 
publisher={Cambridge University Press}, 
author={Marzetta, Thomas L. and Larsson, Erik G. and Yang, Hong and Ngo, Hien Quoc}, 
year={2016}},

@book{bib:dtsysBook,
 author = {Soderstrom, Torsten},
 title = {Discrete-Time Stochastic Systems: Estimation and Control},
 year = {2002},
 isbn = {1852336498},
 edition = {2nd},
 publisher = {Springer-Verlag New York, Inc.},
 address = {Secaucus, NJ, USA},
},

@article{bib:rmtBook,
 author = {Tulino, Antonio M. and Verd\'{u}, Sergio},
 title = {Random Matrix Theory and Wireless Communications},
 journal = {Commun. Inf. Theory},
 issue_date = {June 2004},
 volume = {1},
 number = {1},
 month = jun,
 year = {2004},
 issn = {1567-2190},
 pages = {1--182},
 numpages = {182},
 url = {http://dx.doi.org/10.1516/0100000001},
 doi = {10.1516/0100000001},
 acmid = {1166374},
 publisher = {Now Publishers Inc.},
 address = {Hanover, MA, USA},
} 

